
@misc{ref:solutions_consultant, 
    title={Mojix Presentation (eng.)},
    journal={SlideShare}, 
    author={Giuliano Niero }, 
    year={2022},
    howpublished = "[Online] Available from:
    \url{https://www.slideshare.net/gniero/mojix-presentation-eng}"
    }





@misc{ref:about_mojix, 
    title={{Mojix: About Us}},
    journal={Mojix}, 
    author={Donaldson, Jim}, 
    year={2022},
    howpublished = "[Online] Available from: \url{https://www.mojix.com/about-mojix/}",
	note = "[Accessed: 9 March 2022]",
    } 
    
@misc{ref:about_rfid, 
    title={{What is RFID? | The Beginner's Guide to How RFID Systems Work}},
    journal={RFID Tracking Systems: Atlas RFID Store}, 
    author={{Atlas RFID Store}},
    year={undated},
    publisher={Atlas RFID Store},
    howpublished = "[Online] Available from: \url{https://www.atlasrfidstore.com/rfid-beginners-guide/}",
	note = "[Accessed: 11 March 2022]",
	} 
	
@misc{ref:about_rssi, 
    title={{RSSIâ€™s Role in RFID}},
    journal={RFID Tracking Systems: Atlas RFID Store}, 
    author={Hilyer, Russell},
    year={2018},
    publisher={Atlas RFID Store},
    howpublished = "[Online] Available from: \url{https://www.atlasrfidstore.com/rfid-insider/rssi-role-rfid}",
	note = "[Accessed: 11 March 2022]",
	} 

@misc{christopher_2021, 
    title={K-Nearest Neighbor}, 
    journal={Medium}, 
    publisher={The Startup}, 
    author={Christopher, Antony}, 
    year={2021}, 
    month={Feb},
    howpublished = "[Online] Available from: \url{https://medium.com/swlh/k-nearest-neighbor-ca2593d7a3c4#:~:text=K\%2Dnearest\%20neighbors\%20(KNN),closet\%20to\%20the\%20test\%20data.}",
	note = "[Accessed: 19 March 2022]",
    } 

 @misc{yadav_2018, 
    title={Support Vector Machines(SVM)}, 
    journal={Medium}, 
    publisher={Towards Data Science}, 
    author={Yadav, Ajay}, 
    year={2018}, 
    month={Oct},
    howpublished = "[Online] Available from: \url{https://towardsdatascience.com/support-vector-machines-svm-c9ef22815589}",
	note = "[Accessed: 11 March 2022]",
    }
@misc{seif_2022, 
    title={A beginner's guide to xgboost},  
    journal={Medium}, 
    publisher={Towards Data Science}, 
    author={Seif, George}, 
    howpublished = "[Online] Available from: \url{https://towardsdatascience.com/a-beginners-guide-to-xgboost-87f5d4c30ed7}",
    year={2022}, 
    month={Feb}
    } 

 @misc{neuronetwork_2019, 
    title={A beginner intro to Neural Networks},
    journal={Medium}, 
    publisher={Medium}, 
    howpublished = "[Online] Available from:
    \url{https://purnasaigudikandula.medium.com/a-beginner-intro-to-neural-networks-543267bda3c8}",  
    author={Gudikandula, Purnasai}, 
    year={2019}, 
    month={Mar}
      } 

@article{ref:Alfian,
    title = {Improving efficiency of RFID-based traceability system for perishable food by utilizing IoT sensors and machine learning model},
    journal = {Food Control},
    volume = {110},
    pages = {107016},
    year = {2020},
    issn = {0956-7135},
    doi = {https://doi.org/10.1016/j.foodcont.2019.107016},
    url = {https://www.sciencedirect.com/science/article/pii/S095671351930605X},
    author = {Ganjar Alfian and Muhammad Syafrudin and Umar Farooq and Muhammad Rifqi Ma'arif and M. Alex Syaekhoni and Norma Latif Fitriyani and Jaeho Lee and Jongtae Rhee},
}

@article{ref:Ma,
    title = {Automatic detection of false positive RFID readings using machine learning algorithms},
    journal = {Expert Systems with Applications},
    volume = {91},
    pages = {442-451},
    year = {2018},
    issn = {0957-4174},
    doi = {https://doi.org/10.1016/j.eswa.2017.09.021},
    url = {https://www.sciencedirect.com/science/article/pii/S095741741730622X},
    author = {Haishu Ma and Yi Wang and Kesheng Wang},
}